
@MISC{nakamoto08,
    author = {Satoshi Nakamoto},
    title = {Bitcoin: A peer-to-peer electronic cash system},
    url = {http://bitcoin.org/bitcoin.pdf},
    year = {2008},
},

@MISC{treasury11,
    author = {{\relax U.S. Treasury Department}},
    title = {Unlawful Internet Gambling Enforcement Act},
    url = {http://www.ots.treas.gov/\_files/422372.pdf},
    year = {2011},
}

@MISC{wikiMental,
    author = {Wikipedia},
    title = {Mental Poker},
    url = {https://en.wikipedia.org/wiki/Mental\_poker},
}

@MISC{wikiMPC,
  author = {Wikipedia},
  title = {Secure multi-party computation},
  url = {https://en.wikipedia.org/wiki/Secure\_multi-party\_computation},
}

@MISC{coleman15,
  author = {Jeff Coleman},
  title = {State Channels},
  url = {http://www.jeffcoleman.ca/state-channels/},
  year = {2015}
}


@MISC{bloomer14,
  author = {Brian Bloomer and Toshiro Nishimura},
  title = {Bitcoin	Micropayment Channels},
  url = {https://www.ischool.berkeley.edu/sites/default/files/student\_projects/ finalprojectreport\_2.pdf},
  year = {2014}
}

Bitcoin	Micropayment	Channels


@article{shamir81,
 author = {Adi Shamir and Ronald L. Rivest and Leonard M. Adleman},
 journal = {The Mathematical Garden},
 title = {Mental poker},
 year = {1981},
 pages = {37-43},
 url = {https://people.csail.mit.edu/rivest/ShamirRivestAdleman-MentalPoker.pdf},
} 

@inproceedings{cleve86,
 author = {Cleve, R},
 title = {Limits on the Security of Coin Flips when Half the Processors Are Faulty},
 booktitle = {Proceedings of the Eighteenth Annual ACM Symposium on Theory of Computing},
 year = {1986},
 isbn = {0-89791-193-8},
 location = {Berkeley, California, USA},
 pages = {364--369},
 numpages = {6},
 url = {http://doi.acm.org/10.1145/12130.12168},
 publisher = {ACM},
 address = {New York, NY, USA},
} 

@article{bentov14,
  author    = {Iddo Bentov and Ranjit Kumaresan},
  title     = {How to Use Bitcoin to Design Fair Protocols},
  journal   = {{IACR} Cryptology ePrint Archive},
  volume    = {2014},
  pages     = {129},
  year      = {2014}
}

@article{bentov17,
  author = {Bentov, Iddo and Kumaresan, Ranjit and Miller, Andrew},
  journal = {CoRR},
  title = {Instantaneous Decentralized Poker.},
  url = {http://dblp.uni-trier.de/db/journals/corr/corr1701.html},
  volume = {abs/1701.06726},
  year = 2017
}

@inproceedings{damgard06,
  title={Non-interactive Zero-Knowledge from Homomorphic Encryption},
  booktitle={Theory of Cryptography, Third Theory of Cryptography Conference, TCC 2006},
  series={Lecture Notes in Computer Science},
  publisher={Springer},
  volume={3876},
  pages={41-59},
  url={http://www.iacr.org/cryptodb/archive/2006/TCC/3628/3628.pdf},
  author={Ivan Damg√•rd and Nelly Fazio and Antonio Nicolosi},
  year=2006
}

@inproceedings{roca05,
  author = {Roca, Jordi C. and Seb{\'{e}}, Francesc and Ferrer, Josep D.},
  booktitle = {Trust, Privacy, and Security in Digital Business, Proceedings of the Second International Conference TrustBus 2005},
  pages = {30--40},
  publisher = {Springer Verlag},
  series = {Lecture Notes in Computer Science},
  title = {{Dropout-Tolerant TTP-Free Mental Poker}},
  volume = {3592},
  year = {2005}
}

@inproceedings{stefan16,
 author = {Hope-Bailie, Adrian and Thomas, Stefan},
 title = {Interledger: Creating a Standard for Payments},
 booktitle = {Proceedings of the 25th International Conference Companion on World Wide Web},
 series = {WWW '16 Companion},
 year = {2016},
 isbn = {978-1-4503-4144-8},
 pages = {281--282},
 publisher = {International World Wide Web Conferences Steering Committee},
} 


